%YAML 1.1
%TAG !u! tag:unity3d.com,2011:
--- !u!1 &6324176102040711465
GameObject:
  m_ObjectHideFlags: 0
  m_CorrespondingSourceObject: {fileID: 0}
  m_PrefabInstance: {fileID: 0}
  m_PrefabAsset: {fileID: 0}
  serializedVersion: 6
  m_Component:
  - component: {fileID: 6324176102040711426}
  m_Layer: 0
  m_Name: tail8
  m_TagString: Untagged
  m_Icon: {fileID: 0}
  m_NavMeshLayer: 0
  m_StaticEditorFlags: 0
  m_IsActive: 1
--- !u!4 &6324176102040711426
Transform:
  m_ObjectHideFlags: 0
  m_CorrespondingSourceObject: {fileID: 0}
  m_PrefabInstance: {fileID: 0}
  m_PrefabAsset: {fileID: 0}
  m_GameObject: {fileID: 6324176102040711465}
  m_LocalRotation: {x: -0.000019085806, y: -0.0026938969, z: 0.000003095315, w: 0.99999636}
  m_LocalPosition: {x: -0.24871688, y: -0.019507198, z: 0.0048768}
  m_LocalScale: {x: 1, y: 1, z: 1}
  m_Children:
  - {fileID: 6324176102040711432}
  m_Father: {fileID: 6324176102040711437}
  m_RootOrder: 0
  m_LocalEulerAnglesHint: {x: 0.0021726843, y: -10.17666, z: -0.00051566807}
--- !u!1 &6324176102040711466
GameObject:
  m_ObjectHideFlags: 0
  m_CorrespondingSourceObject: {fileID: 0}
  m_PrefabInstance: {fileID: 0}
  m_PrefabAsset: {fileID: 0}
  serializedVersion: 6
  m_Component:
  - component: {fileID: 6324176102040711433}
  m_Layer: 0
  m_Name: tail2
  m_TagString: Untagged
  m_Icon: {fileID: 0}
  m_NavMeshLayer: 0
  m_StaticEditorFlags: 0
  m_IsActive: 1
--- !u!4 &6324176102040711433
Transform:
  m_ObjectHideFlags: 0
  m_CorrespondingSourceObject: {fileID: 0}
  m_PrefabInstance: {fileID: 0}
  m_PrefabAsset: {fileID: 0}
  m_GameObject: {fileID: 6324176102040711466}
  m_LocalRotation: {x: -0.000019068486, y: -0.002568345, z: 0.0000032026803, w: 0.9999967}
  m_LocalPosition: {x: -0.15605758, y: 0, z: 0}
  m_LocalScale: {x: 1, y: 1, z: 1}
  m_Children:
  - {fileID: 6324176102040711428}
  m_Father: {fileID: 6324176102040711458}
  m_RootOrder: 0
  m_LocalEulerAnglesHint: {x: 0.002674801, y: 7.6041646, z: -0.00026800533}
--- !u!1 &6324176102040711467
GameObject:
  m_ObjectHideFlags: 0
  m_CorrespondingSourceObject: {fileID: 0}
  m_PrefabInstance: {fileID: 0}
  m_PrefabAsset: {fileID: 0}
  serializedVersion: 6
  m_Component:
  - component: {fileID: 6324176102040711427}
  m_Layer: 0
  m_Name: l_shoulder
  m_TagString: Untagged
  m_Icon: {fileID: 0}
  m_NavMeshLayer: 0
  m_StaticEditorFlags: 0
  m_IsActive: 1
--- !u!4 &6324176102040711427
Transform:
  m_ObjectHideFlags: 0
  m_CorrespondingSourceObject: {fileID: 0}
  m_PrefabInstance: {fileID: 0}
  m_PrefabAsset: {fileID: 0}
  m_GameObject: {fileID: 6324176102040711467}
  m_LocalRotation: {x: 0.004351764, y: 0.00030028904, z: -0.0011796757, w: 0.9999898}
  m_LocalPosition: {x: 0.1414272, y: 0.0024383925, z: 0.2218944}
  m_LocalScale: {x: 1, y: 1, z: 1}
  m_Children:
  - {fileID: 6324176102040711462}
  m_Father: {fileID: 6324176102040711482}
  m_RootOrder: 1
  m_LocalEulerAnglesHint: {x: 3.6569533, y: 0.22057267, z: -0.9840241}
--- !u!1 &6324176102040711468
GameObject:
  m_ObjectHideFlags: 0
  m_CorrespondingSourceObject: {fileID: 0}
  m_PrefabInstance: {fileID: 0}
  m_PrefabAsset: {fileID: 0}
  serializedVersion: 6
  m_Component:
  - component: {fileID: 6324176102040711474}
  m_Layer: 0
  m_Name: l_shin
  m_TagString: Untagged
  m_Icon: {fileID: 0}
  m_NavMeshLayer: 0
  m_StaticEditorFlags: 0
  m_IsActive: 1
--- !u!4 &6324176102040711474
Transform:
  m_ObjectHideFlags: 0
  m_CorrespondingSourceObject: {fileID: 0}
  m_PrefabInstance: {fileID: 0}
  m_PrefabAsset: {fileID: 0}
  m_GameObject: {fileID: 6324176102040711468}
  m_LocalRotation: {x: -0.0046077217, y: -0.0015362538, z: -0.00024565184, w: 0.9999882}
  m_LocalPosition: {x: 0.024384001, y: -0.056083202, z: 0.14630406}
  m_LocalScale: {x: 1, y: 1, z: 1}
  m_Children:
  - {fileID: 6324176102040711473}
  m_Father: {fileID: 6324176102040711477}
  m_RootOrder: 0
  m_LocalEulerAnglesHint: {x: -3.630845, y: -1.2056196, z: -0.1555691}
--- !u!1 &6324176102040711469
GameObject:
  m_ObjectHideFlags: 0
  m_CorrespondingSourceObject: {fileID: 0}
  m_PrefabInstance: {fileID: 0}
  m_PrefabAsset: {fileID: 0}
  serializedVersion: 6
  m_Component:
  - component: {fileID: 6324176102040711477}
  m_Layer: 0
  m_Name: l_thigh
  m_TagString: Untagged
  m_Icon: {fileID: 0}
  m_NavMeshLayer: 0
  m_StaticEditorFlags: 0
  m_IsActive: 1
--- !u!4 &6324176102040711477
Transform:
  m_ObjectHideFlags: 0
  m_CorrespondingSourceObject: {fileID: 0}
  m_PrefabInstance: {fileID: 0}
  m_PrefabAsset: {fileID: 0}
  m_GameObject: {fileID: 6324176102040711469}
  m_LocalRotation: {x: 0.0000169525, y: 0.00057654415, z: 0.00021943693, w: 0.9999998}
  m_LocalPosition: {x: 0.017068787, y: 0, z: 0.08534397}
  m_LocalScale: {x: 1, y: 1, z: 1}
  m_Children:
  - {fileID: 6324176102040711474}
  m_Father: {fileID: 6324176102040711483}
  m_RootOrder: 0
  m_LocalEulerAnglesHint: {x: -0.66811436, y: -10.439284, z: -3.9303832}
--- !u!1 &6324176102040711470
GameObject:
  m_ObjectHideFlags: 0
  m_CorrespondingSourceObject: {fileID: 0}
  m_PrefabInstance: {fileID: 0}
  m_PrefabAsset: {fileID: 0}
  serializedVersion: 6
  m_Component:
  - component: {fileID: 6324176102040711487}
  m_Layer: 0
  m_Name: r_forearm
  m_TagString: Untagged
  m_Icon: {fileID: 0}
  m_NavMeshLayer: 0
  m_StaticEditorFlags: 0
  m_IsActive: 1
--- !u!4 &6324176102040711487
Transform:
  m_ObjectHideFlags: 0
  m_CorrespondingSourceObject: {fileID: 0}
  m_PrefabInstance: {fileID: 0}
  m_PrefabAsset: {fileID: 0}
  m_GameObject: {fileID: 6324176102040711470}
  m_LocalRotation: {x: 0.00597575, y: -0.0063245776, z: 0.0068879034, w: 0.9999384}
  m_LocalPosition: {x: -0.0633984, y: -0.043891218, z: -0.1755648}
  m_LocalScale: {x: 1, y: 1, z: 1}
  m_Children:
  - {fileID: 6324176102040711431}
  m_Father: {fileID: 6324176102040711436}
  m_RootOrder: 0
  m_LocalEulerAnglesHint: {x: 22.66033, y: 34.996452, z: -1.561034}
--- !u!1 &6324176102040711471
GameObject:
  m_ObjectHideFlags: 0
  m_CorrespondingSourceObject: {fileID: 0}
  m_PrefabInstance: {fileID: 0}
  m_PrefabAsset: {fileID: 0}
  serializedVersion: 6
  m_Component:
  - component: {fileID: 6324176102040711458}
  m_Layer: 0
  m_Name: tail1
  m_TagString: Untagged
  m_Icon: {fileID: 0}
  m_NavMeshLayer: 0
  m_StaticEditorFlags: 0
  m_IsActive: 1
--- !u!4 &6324176102040711458
Transform:
  m_ObjectHideFlags: 0
  m_CorrespondingSourceObject: {fileID: 0}
  m_PrefabInstance: {fileID: 0}
  m_PrefabAsset: {fileID: 0}
  m_GameObject: {fileID: 6324176102040711471}
  m_LocalRotation: {x: 0.0000955964, y: -0.0025627792, z: -0.001126486, w: 0.9999961}
  m_LocalPosition: {x: -0.14548469, y: 0.0033869362, z: 0.0017283129}
  m_LocalScale: {x: 1, y: 1, z: 1}
  m_Children:
  - {fileID: 6324176102040711433}
  m_Father: {fileID: 6324176102040711486}
  m_RootOrder: 3
  m_LocalEulerAnglesHint: {x: 0.12405365, y: 7.607485, z: -0.8715373}
--- !u!1 &6324176102040711488
GameObject:
  m_ObjectHideFlags: 0
  m_CorrespondingSourceObject: {fileID: 0}
  m_PrefabInstance: {fileID: 0}
  m_PrefabAsset: {fileID: 0}
  serializedVersion: 6
  m_Component:
  - component: {fileID: 6324176102040711481}
  m_Layer: 0
  m_Name: r_shoulder
  m_TagString: Untagged
  m_Icon: {fileID: 0}
  m_NavMeshLayer: 0
  m_StaticEditorFlags: 0
  m_IsActive: 1
--- !u!4 &6324176102040711481
Transform:
  m_ObjectHideFlags: 0
  m_CorrespondingSourceObject: {fileID: 0}
  m_PrefabInstance: {fileID: 0}
  m_PrefabAsset: {fileID: 0}
  m_GameObject: {fileID: 6324176102040711488}
  m_LocalRotation: {x: -0.0044472096, y: 0.0043356586, z: -0.000699104, w: 0.9999805}
  m_LocalPosition: {x: 0.1560576, y: 0, z: -0.20238721}
  m_LocalScale: {x: 1, y: 1, z: 1}
  m_Children:
  - {fileID: 6324176102040711436}
  m_Father: {fileID: 6324176102040711482}
  m_RootOrder: 2
  m_LocalEulerAnglesHint: {x: -19.687292, y: 3.9188685, z: -3.646522}
--- !u!1 &6324176102040711489
GameObject:
  m_ObjectHideFlags: 0
  m_CorrespondingSourceObject: {fileID: 0}
  m_PrefabInstance: {fileID: 0}
  m_PrefabAsset: {fileID: 0}
  serializedVersion: 6
  m_Component:
  - component: {fileID: 6324176102040711473}
  m_Layer: 0
  m_Name: l_foot
  m_TagString: Untagged
  m_Icon: {fileID: 0}
  m_NavMeshLayer: 0
  m_StaticEditorFlags: 0
  m_IsActive: 1
--- !u!4 &6324176102040711473
Transform:
  m_ObjectHideFlags: 0
  m_CorrespondingSourceObject: {fileID: 0}
  m_PrefabInstance: {fileID: 0}
  m_PrefabAsset: {fileID: 0}
  m_GameObject: {fileID: 6324176102040711489}
  m_LocalRotation: {x: -0.000017672572, y: 0.000021694268, z: -0.00006240246, w: 1}
  m_LocalPosition: {x: -0.09265918, y: -0.15605761, z: 0.24627838}
  m_LocalScale: {x: 1, y: 1, z: 1}
  m_Children: []
  m_Father: {fileID: 6324176102040711474}
  m_RootOrder: 0
  m_LocalEulerAnglesHint: {x: -2.2737262, y: 3.2865856, z: -8.988885}
--- !u!1 &6324176102040711490
GameObject:
  m_ObjectHideFlags: 0
  m_CorrespondingSourceObject: {fileID: 0}
  m_PrefabInstance: {fileID: 0}
  m_PrefabAsset: {fileID: 0}
  serializedVersion: 6
  m_Component:
  - component: {fileID: 6324176102040711475}
  m_Layer: 0
  m_Name: crocodile_25659
  m_TagString: Untagged
  m_Icon: {fileID: 0}
  m_NavMeshLayer: 0
  m_StaticEditorFlags: 0
  m_IsActive: 1
--- !u!4 &6324176102040711475
Transform:
  m_ObjectHideFlags: 0
  m_CorrespondingSourceObject: {fileID: 0}
  m_PrefabInstance: {fileID: 0}
  m_PrefabAsset: {fileID: 0}
  m_GameObject: {fileID: 6324176102040711490}
  m_LocalRotation: {x: 0, y: -0, z: -0, w: 1}
  m_LocalPosition: {x: -0, y: 0, z: 0}
  m_LocalScale: {x: 1, y: 1, z: 1}
  m_Children:
  - {fileID: 6324176102040711459}
  - {fileID: 6324176102040711486}
  m_Father: {fileID: 6324176102040711485}
  m_RootOrder: 0
  m_LocalEulerAnglesHint: {x: 0, y: 0, z: 0}
--- !u!1 &6324176102040711491
GameObject:
  m_ObjectHideFlags: 0
  m_CorrespondingSourceObject: {fileID: 0}
  m_PrefabInstance: {fileID: 0}
  m_PrefabAsset: {fileID: 0}
  serializedVersion: 6
  m_Component:
  - component: {fileID: 6324176102040711430}
  m_Layer: 0
  m_Name: abdo1
  m_TagString: Untagged
  m_Icon: {fileID: 0}
  m_NavMeshLayer: 0
  m_StaticEditorFlags: 0
  m_IsActive: 1
--- !u!4 &6324176102040711430
Transform:
  m_ObjectHideFlags: 0
  m_CorrespondingSourceObject: {fileID: 0}
  m_PrefabInstance: {fileID: 0}
  m_PrefabAsset: {fileID: 0}
  m_GameObject: {fileID: 6324176102040711491}
  m_LocalRotation: {x: 0.00011066309, y: -0.0015745187, z: -0.0011209951, w: 0.99999815}
  m_LocalPosition: {x: 0.1836993, y: 0.00094854354, z: -0.0007100868}
  m_LocalScale: {x: 1, y: 1, z: 1}
  m_Children:
  - {fileID: 6324176102040711479}
  m_Father: {fileID: 6324176102040711486}
  m_RootOrder: 0
  m_LocalEulerAnglesHint: {x: 7.441149, y: -1.2427486, z: 0.32116938}
--- !u!1 &6324176102040711492
GameObject:
  m_ObjectHideFlags: 0
  m_CorrespondingSourceObject: {fileID: 0}
  m_PrefabInstance: {fileID: 0}
  m_PrefabAsset: {fileID: 0}
  serializedVersion: 6
  m_Component:
  - component: {fileID: 6324176102040711484}
  m_Layer: 0
  m_Name: tail5
  m_TagString: Untagged
  m_Icon: {fileID: 0}
  m_NavMeshLayer: 0
  m_StaticEditorFlags: 0
  m_IsActive: 1
--- !u!4 &6324176102040711484
Transform:
  m_ObjectHideFlags: 0
  m_CorrespondingSourceObject: {fileID: 0}
  m_PrefabInstance: {fileID: 0}
  m_PrefabAsset: {fileID: 0}
  m_GameObject: {fileID: 6324176102040711492}
  m_LocalRotation: {x: -0.000019102405, y: -0.0026938969, z: 0.0000029911726, w: 0.99999636}
  m_LocalPosition: {x: -0.24384002, y: -0.009753608, z: 0.0024383997}
  m_LocalScale: {x: 1, y: 1, z: 1}
  m_Children:
  - {fileID: 6324176102040711478}
  m_Father: {fileID: 6324176102040711461}
  m_RootOrder: 0
  m_LocalEulerAnglesHint: {x: 0.002180623, y: -10.17666, z: -0.0005033628}
--- !u!1 &6324176102040711493
GameObject:
  m_ObjectHideFlags: 0
  m_CorrespondingSourceObject: {fileID: 0}
  m_PrefabInstance: {fileID: 0}
  m_PrefabAsset: {fileID: 0}
  serializedVersion: 6
  m_Component:
  - component: {fileID: 6324176102040711431}
  m_Layer: 0
  m_Name: r_hand
  m_TagString: Untagged
  m_Icon: {fileID: 0}
  m_NavMeshLayer: 0
  m_StaticEditorFlags: 0
  m_IsActive: 1
--- !u!4 &6324176102040711431
Transform:
  m_ObjectHideFlags: 0
  m_CorrespondingSourceObject: {fileID: 0}
  m_PrefabInstance: {fileID: 0}
  m_PrefabAsset: {fileID: 0}
  m_GameObject: {fileID: 6324176102040711493}
  m_LocalRotation: {x: 0.001413377, y: 0.008928344, z: -0.0065436056, w: 0.9999378}
  m_LocalPosition: {x: 0.19263358, y: -0.18044159, z: -0.1292352}
  m_LocalScale: {x: 1, y: 1, z: 1}
  m_Children: []
  m_Father: {fileID: 6324176102040711487}
  m_RootOrder: 0
  m_LocalEulerAnglesHint: {x: 1.5883789, y: 6.3486996, z: -5.4166603}
--- !u!1 &6324176102040711494
GameObject:
  m_ObjectHideFlags: 0
  m_CorrespondingSourceObject: {fileID: 0}
  m_PrefabInstance: {fileID: 0}
  m_PrefabAsset: {fileID: 0}
  serializedVersion: 6
  m_Component:
  - component: {fileID: 6324176102040711437}
  m_Layer: 0
  m_Name: tail7
  m_TagString: Untagged
  m_Icon: {fileID: 0}
  m_NavMeshLayer: 0
  m_StaticEditorFlags: 0
  m_IsActive: 1
--- !u!4 &6324176102040711437
Transform:
  m_ObjectHideFlags: 0
  m_CorrespondingSourceObject: {fileID: 0}
  m_PrefabInstance: {fileID: 0}
  m_PrefabAsset: {fileID: 0}
  m_GameObject: {fileID: 6324176102040711494}
  m_LocalRotation: {x: -0.000019050905, y: -0.0026938969, z: 0.0000033033205, w: 0.99999636}
  m_LocalPosition: {x: -0.24384002, y: -0.029260788, z: 0}
  m_LocalScale: {x: 1, y: 1, z: 1}
  m_Children:
  - {fileID: 6324176102040711426}
  m_Father: {fileID: 6324176102040711478}
  m_RootOrder: 0
  m_LocalEulerAnglesHint: {x: 0.0021697888, y: -10.17666, z: -0.00054478226}
--- !u!1 &6324176102040711495
GameObject:
  m_ObjectHideFlags: 0
  m_CorrespondingSourceObject: {fileID: 0}
  m_PrefabInstance: {fileID: 0}
  m_PrefabAsset: {fileID: 0}
  serializedVersion: 6
  m_Component:
  - component: {fileID: 6324176102040711485}
  - component: {fileID: 6324176102040711455}
  - component: {fileID: 8056449624825366495}
  - component: {fileID: -2886887574288579666}
  m_Layer: 0
  m_Name: CocodriloSound
  m_TagString: Untagged
  m_Icon: {fileID: 0}
  m_NavMeshLayer: 0
  m_StaticEditorFlags: 0
  m_IsActive: 1
--- !u!4 &6324176102040711485
Transform:
  m_ObjectHideFlags: 0
  m_CorrespondingSourceObject: {fileID: 0}
  m_PrefabInstance: {fileID: 0}
  m_PrefabAsset: {fileID: 0}
  m_GameObject: {fileID: 6324176102040711495}
  m_LocalRotation: {x: 0, y: 0, z: 0, w: 1}
  m_LocalPosition: {x: 17.205978, y: 3.6541665, z: 6.0583167}
  m_LocalScale: {x: 0.6, y: 0.6, z: 0.6}
  m_Children:
  - {fileID: 6324176102040711475}
  m_Father: {fileID: 0}
  m_RootOrder: 0
  m_LocalEulerAnglesHint: {x: 0, y: 0, z: 0}
--- !u!95 &6324176102040711455
Animator:
  serializedVersion: 3
  m_ObjectHideFlags: 0
  m_CorrespondingSourceObject: {fileID: 0}
  m_PrefabInstance: {fileID: 0}
  m_PrefabAsset: {fileID: 0}
  m_GameObject: {fileID: 6324176102040711495}
  m_Enabled: 1
  m_Avatar: {fileID: 0}
  m_Controller: {fileID: 9100000, guid: d1fb3872534bc864f854b4835f8c0c88, type: 2}
  m_CullingMode: 0
  m_UpdateMode: 0
  m_ApplyRootMotion: 0
  m_LinearVelocityBlending: 0
  m_WarningMessage: 
  m_HasTransformHierarchy: 1
  m_AllowConstantClipSamplingOptimization: 1
  m_KeepAnimatorControllerStateOnDisable: 0
--- !u!82 &8056449624825366495
AudioSource:
  m_ObjectHideFlags: 0
  m_CorrespondingSourceObject: {fileID: 0}
  m_PrefabInstance: {fileID: 0}
  m_PrefabAsset: {fileID: 0}
  m_GameObject: {fileID: 6324176102040711495}
  m_Enabled: 1
  serializedVersion: 4
  OutputAudioMixerGroup: {fileID: 0}
  m_audioClip: {fileID: 8300000, guid: 46fc253b2c18c1c42937f2c26e7192ca, type: 3}
  m_PlayOnAwake: 1
  m_Volume: 1
  m_Pitch: 1
  Loop: 1
  Mute: 0
  Spatialize: 0
  SpatializePostEffects: 0
  Priority: 128
  DopplerLevel: 1
  MinDistance: 2.5775604
  MaxDistance: 500
  Pan2D: 0
  rolloffMode: 0
  BypassEffects: 0
  BypassListenerEffects: 0
  BypassReverbZones: 0
  rolloffCustomCurve:
    serializedVersion: 2
    m_Curve:
    - serializedVersion: 3
      time: 0
      value: 1
      inSlope: 0
      outSlope: 0
      tangentMode: 0
      weightedMode: 0
      inWeight: 0.33333334
      outWeight: 0.33333334
    - serializedVersion: 3
      time: 1
      value: 0
      inSlope: 0
      outSlope: 0
      tangentMode: 0
      weightedMode: 0
      inWeight: 0.33333334
      outWeight: 0.33333334
    m_PreInfinity: 2
    m_PostInfinity: 2
    m_RotationOrder: 4
  panLevelCustomCurve:
    serializedVersion: 2
    m_Curve:
    - serializedVersion: 3
      time: 0
      value: 0
      inSlope: 0
      outSlope: 0
      tangentMode: 0
      weightedMode: 0
      inWeight: 0.33333334
      outWeight: 0.33333334
    m_PreInfinity: 2
    m_PostInfinity: 2
    m_RotationOrder: 4
  spreadCustomCurve:
    serializedVersion: 2
    m_Curve:
    - serializedVersion: 3
      time: 0
      value: 0
      inSlope: 0
      outSlope: 0
      tangentMode: 0
      weightedMode: 0
      inWeight: 0.33333334
      outWeight: 0.33333334
    m_PreInfinity: 2
    m_PostInfinity: 2
    m_RotationOrder: 4
  reverbZoneMixCustomCurve:
    serializedVersion: 2
    m_Curve:
    - serializedVersion: 3
      time: 0
      value: 1
      inSlope: 0
      outSlope: 0
      tangentMode: 0
      weightedMode: 0
      inWeight: 0.33333334
      outWeight: 0.33333334
    m_PreInfinity: 2
    m_PostInfinity: 2
    m_RotationOrder: 4
--- !u!65 &-2886887574288579666
BoxCollider:
  m_ObjectHideFlags: 0
  m_CorrespondingSourceObject: {fileID: 0}
  m_PrefabInstance: {fileID: 0}
  m_PrefabAsset: {fileID: 0}
  m_GameObject: {fileID: 6324176102040711495}
  m_Material: {fileID: 0}
  m_IsTrigger: 0
  m_Enabled: 1
  serializedVersion: 2
  m_Size: {x: 1, y: 1, z: 1}
  m_Center: {x: 0, y: 0, z: 0}
--- !u!1 &6324176102040711496
GameObject:
  m_ObjectHideFlags: 0
  m_CorrespondingSourceObject: {fileID: 0}
  m_PrefabInstance: {fileID: 0}
  m_PrefabAsset: {fileID: 0}
  serializedVersion: 6
  m_Component:
  - component: {fileID: 6324176102040711460}
  m_Layer: 0
  m_Name: r_hip
  m_TagString: Untagged
  m_Icon: {fileID: 0}
  m_NavMeshLayer: 0
  m_StaticEditorFlags: 0
  m_IsActive: 1
--- !u!4 &6324176102040711460
Transform:
  m_ObjectHideFlags: 0
  m_CorrespondingSourceObject: {fileID: 0}
  m_PrefabInstance: {fileID: 0}
  m_PrefabAsset: {fileID: 0}
  m_GameObject: {fileID: 6324176102040711496}
  m_LocalRotation: {x: -0.0048280037, y: 0.0006627761, z: -0.00042202245, w: 0.9999881}
  m_LocalPosition: {x: 0.022764891, y: 0.00094854354, z: -0.1860285}
  m_LocalScale: {x: 1, y: 1, z: 1}
  m_Children:
  - {fileID: 6324176102040711463}
  m_Father: {fileID: 6324176102040711486}
  m_RootOrder: 2
  m_LocalEulerAnglesHint: {x: -3.44272, y: 0.29672712, z: -0.27214926}
--- !u!1 &6324176102040711497
GameObject:
  m_ObjectHideFlags: 0
  m_CorrespondingSourceObject: {fileID: 0}
  m_PrefabInstance: {fileID: 0}
  m_PrefabAsset: {fileID: 0}
  serializedVersion: 6
  m_Component:
  - component: {fileID: 6324176102040711432}
  m_Layer: 0
  m_Name: tail9
  m_TagString: Untagged
  m_Icon: {fileID: 0}
  m_NavMeshLayer: 0
  m_StaticEditorFlags: 0
  m_IsActive: 1
--- !u!4 &6324176102040711432
Transform:
  m_ObjectHideFlags: 0
  m_CorrespondingSourceObject: {fileID: 0}
  m_PrefabInstance: {fileID: 0}
  m_PrefabAsset: {fileID: 0}
  m_GameObject: {fileID: 6324176102040711497}
  m_LocalRotation: {x: -0.000019121866, y: -0.0026938969, z: 0.0000028641289, w: 0.99999636}
  m_LocalPosition: {x: -0.23896286, y: -0.026822375, z: 0}
  m_LocalScale: {x: 1, y: 1, z: 1}
  m_Children: []
  m_Father: {fileID: 6324176102040711426}
  m_RootOrder: 0
  m_LocalEulerAnglesHint: {x: 0.0021822874, y: -10.17666, z: -0.0004897859}
--- !u!1 &6324176102040711498
GameObject:
  m_ObjectHideFlags: 0
  m_CorrespondingSourceObject: {fileID: 0}
  m_PrefabInstance: {fileID: 0}
  m_PrefabAsset: {fileID: 0}
  serializedVersion: 6
  m_Component:
  - component: {fileID: 6324176102040711438}
  m_Layer: 0
  m_Name: l_eye
  m_TagString: Untagged
  m_Icon: {fileID: 0}
  m_NavMeshLayer: 0
  m_StaticEditorFlags: 0
  m_IsActive: 1
--- !u!4 &6324176102040711438
Transform:
  m_ObjectHideFlags: 0
  m_CorrespondingSourceObject: {fileID: 0}
  m_PrefabInstance: {fileID: 0}
  m_PrefabAsset: {fileID: 0}
  m_GameObject: {fileID: 6324176102040711498}
  m_LocalRotation: {x: -0.0000011889572, y: 0.0007391359, z: 0.00018520119, w: 0.9999997}
  m_LocalPosition: {x: 0.30723843, y: 0.09022087, z: 0.109728}
  m_LocalScale: {x: 1, y: 1, z: 1}
  m_Children: []
  m_Father: {fileID: 6324176102040711472}
  m_RootOrder: 0
  m_LocalEulerAnglesHint: {x: -0.00015205205, y: 0.08469923, z: 0.021222863}
--- !u!1 &6324176102040711499
GameObject:
  m_ObjectHideFlags: 0
  m_CorrespondingSourceObject: {fileID: 0}
  m_PrefabInstance: {fileID: 0}
  m_PrefabAsset: {fileID: 0}
  serializedVersion: 6
  m_Component:
  - component: {fileID: 6324176102040711472}
  m_Layer: 0
  m_Name: head
  m_TagString: Untagged
  m_Icon: {fileID: 0}
  m_NavMeshLayer: 0
  m_StaticEditorFlags: 0
  m_IsActive: 1
--- !u!4 &6324176102040711472
Transform:
  m_ObjectHideFlags: 0
  m_CorrespondingSourceObject: {fileID: 0}
  m_PrefabInstance: {fileID: 0}
  m_PrefabAsset: {fileID: 0}
  m_GameObject: {fileID: 6324176102040711499}
  m_LocalRotation: {x: -0.000002237042, y: -0.000000033122046, z: -0.0022832865, w: 0.99999744}
  m_LocalPosition: {x: 0.09265918, y: 0.004876747, z: 0}
  m_LocalScale: {x: 1, y: 1, z: 1}
  m_Children:
  - {fileID: 6324176102040711438}
  - {fileID: 6324176102040711439}
  - {fileID: 6324176102040711480}
  m_Father: {fileID: 6324176102040711457}
  m_RootOrder: 0
  m_LocalEulerAnglesHint: {x: 0.010348835, y: 0.001118296, z: 10.638368}
--- !u!1 &6324176102040711500
GameObject:
  m_ObjectHideFlags: 0
  m_CorrespondingSourceObject: {fileID: 0}
  m_PrefabInstance: {fileID: 0}
  m_PrefabAsset: {fileID: 0}
  serializedVersion: 6
  m_Component:
  - component: {fileID: 6324176102040711462}
  m_Layer: 0
  m_Name: l_arm
  m_TagString: Untagged
  m_Icon: {fileID: 0}
  m_NavMeshLayer: 0
  m_StaticEditorFlags: 0
  m_IsActive: 1
--- !u!4 &6324176102040711462
Transform:
  m_ObjectHideFlags: 0
  m_CorrespondingSourceObject: {fileID: 0}
  m_PrefabInstance: {fileID: 0}
  m_PrefabAsset: {fileID: 0}
  m_GameObject: {fileID: 6324176102040711500}
  m_LocalRotation: {x: 0.00042054988, y: 0.00022041361, z: 0.00019448088, w: 0.9999999}
  m_LocalPosition: {x: 0.017068805, y: -0.007176189, z: 0.050733335}
  m_LocalScale: {x: 1, y: 1, z: 1}
  m_Children:
  - {fileID: 6324176102040711434}
  m_Father: {fileID: 6324176102040711427}
  m_RootOrder: 0
  m_LocalEulerAnglesHint: {x: 0.558895, y: -11.775266, z: -1.9735416}
--- !u!1 &6324176102040711501
GameObject:
  m_ObjectHideFlags: 0
  m_CorrespondingSourceObject: {fileID: 0}
  m_PrefabInstance: {fileID: 0}
  m_PrefabAsset: {fileID: 0}
  serializedVersion: 6
  m_Component:
  - component: {fileID: 6324176102040711439}
  m_Layer: 0
  m_Name: lower_jaw
  m_TagString: Untagged
  m_Icon: {fileID: 0}
  m_NavMeshLayer: 0
  m_StaticEditorFlags: 0
  m_IsActive: 1
--- !u!4 &6324176102040711439
Transform:
  m_ObjectHideFlags: 0
  m_CorrespondingSourceObject: {fileID: 0}
  m_PrefabInstance: {fileID: 0}
  m_PrefabAsset: {fileID: 0}
  m_GameObject: {fileID: 6324176102040711501}
  m_LocalRotation: {x: 0, y: -0, z: -0.002531551, w: 0.9999968}
  m_LocalPosition: {x: 0.12923522, y: -0.04389116, z: 0}
  m_LocalScale: {x: 1, y: 1, z: 1}
  m_Children: []
  m_Father: {fileID: 6324176102040711472}
  m_RootOrder: 1
  m_LocalEulerAnglesHint: {x: 0, y: 0, z: -17.623972}
--- !u!1 &6324176102040711502
GameObject:
  m_ObjectHideFlags: 0
  m_CorrespondingSourceObject: {fileID: 0}
  m_PrefabInstance: {fileID: 0}
  m_PrefabAsset: {fileID: 0}
  serializedVersion: 6
  m_Component:
  - component: {fileID: 6324176102040711482}
  m_Layer: 0
  m_Name: abdo4
  m_TagString: Untagged
  m_Icon: {fileID: 0}
  m_NavMeshLayer: 0
  m_StaticEditorFlags: 0
  m_IsActive: 1
--- !u!4 &6324176102040711482
Transform:
  m_ObjectHideFlags: 0
  m_CorrespondingSourceObject: {fileID: 0}
  m_PrefabInstance: {fileID: 0}
  m_PrefabAsset: {fileID: 0}
  m_GameObject: {fileID: 6324176102040711502}
  m_LocalRotation: {x: -0.000049843344, y: -0.0015713962, z: 0.0013893961, w: 0.9999978}
  m_LocalPosition: {x: 0.1072896, y: 0.007315197, z: 0}
  m_LocalScale: {x: 1, y: 1, z: 1}
  m_Children:
  - {fileID: 6324176102040711457}
  - {fileID: 6324176102040711427}
  - {fileID: 6324176102040711481}
  m_Father: {fileID: 6324176102040711435}
  m_RootOrder: 0
  m_LocalEulerAnglesHint: {x: 7.209185, y: -0.61855423, z: 6.020927}
--- !u!1 &6324176102040711504
GameObject:
  m_ObjectHideFlags: 0
  m_CorrespondingSourceObject: {fileID: 0}
  m_PrefabInstance: {fileID: 0}
  m_PrefabAsset: {fileID: 0}
  serializedVersion: 6
  m_Component:
  - component: {fileID: 6324176102040711476}
  m_Layer: 0
  m_Name: r_foot
  m_TagString: Untagged
  m_Icon: {fileID: 0}
  m_NavMeshLayer: 0
  m_StaticEditorFlags: 0
  m_IsActive: 1
--- !u!4 &6324176102040711476
Transform:
  m_ObjectHideFlags: 0
  m_CorrespondingSourceObject: {fileID: 0}
  m_PrefabInstance: {fileID: 0}
  m_PrefabAsset: {fileID: 0}
  m_GameObject: {fileID: 6324176102040711504}
  m_LocalRotation: {x: 0.0008360203, y: 0.0011830771, z: 0.0053777536, w: 0.9999845}
  m_LocalPosition: {x: -0.097536005, y: -0.1658112, z: -0.26090872}
  m_LocalScale: {x: 1, y: 1, z: 1}
  m_Children: []
  m_Father: {fileID: 6324176102040711456}
  m_RootOrder: 0
  m_LocalEulerAnglesHint: {x: 7.50387, y: 0.44961765, z: 1.966383}
--- !u!1 &6324176102040711505
GameObject:
  m_ObjectHideFlags: 0
  m_CorrespondingSourceObject: {fileID: 0}
  m_PrefabInstance: {fileID: 0}
  m_PrefabAsset: {fileID: 0}
  serializedVersion: 6
  m_Component:
  - component: {fileID: 6324176102040711436}
  m_Layer: 0
  m_Name: r_arm
  m_TagString: Untagged
  m_Icon: {fileID: 0}
  m_NavMeshLayer: 0
  m_StaticEditorFlags: 0
  m_IsActive: 1
--- !u!4 &6324176102040711436
Transform:
  m_ObjectHideFlags: 0
  m_CorrespondingSourceObject: {fileID: 0}
  m_PrefabInstance: {fileID: 0}
  m_PrefabAsset: {fileID: 0}
  m_GameObject: {fileID: 6324176102040711505}
  m_LocalRotation: {x: -0.0022196975, y: 0.00023881477, z: 0.00094110303, w: 0.9999971}
  m_LocalPosition: {x: 0.007315197, y: -0.0097535895, z: -0.048767984}
  m_LocalScale: {x: 1, y: 1, z: 1}
  m_Children:
  - {fileID: 6324176102040711487}
  m_Father: {fileID: 6324176102040711481}
  m_RootOrder: 0
  m_LocalEulerAnglesHint: {x: -24.440826, y: 16.98213, z: 6.3813376}
--- !u!1 &6324176102040711506
GameObject:
  m_ObjectHideFlags: 0
  m_CorrespondingSourceObject: {fileID: 0}
  m_PrefabInstance: {fileID: 0}
  m_PrefabAsset: {fileID: 0}
  serializedVersion: 6
  m_Component:
  - component: {fileID: 6324176102040711459}
  - component: {fileID: 6324176102040711454}
  m_Layer: 0
  m_Name: crocodile_25659.Shape
  m_TagString: Untagged
  m_Icon: {fileID: 0}
  m_NavMeshLayer: 0
  m_StaticEditorFlags: 0
  m_IsActive: 1
--- !u!4 &6324176102040711459
Transform:
  m_ObjectHideFlags: 0
  m_CorrespondingSourceObject: {fileID: 0}
  m_PrefabInstance: {fileID: 0}
  m_PrefabAsset: {fileID: 0}
  m_GameObject: {fileID: 6324176102040711506}
  m_LocalRotation: {x: 0, y: -0, z: -0, w: 1}
  m_LocalPosition: {x: -0, y: 0, z: 0}
  m_LocalScale: {x: 1, y: 1, z: 1}
  m_Children: []
  m_Father: {fileID: 6324176102040711475}
  m_RootOrder: 0
  m_LocalEulerAnglesHint: {x: 0, y: 0, z: 0}
--- !u!137 &6324176102040711454
SkinnedMeshRenderer:
  m_ObjectHideFlags: 0
  m_CorrespondingSourceObject: {fileID: 0}
  m_PrefabInstance: {fileID: 0}
  m_PrefabAsset: {fileID: 0}
  m_GameObject: {fileID: 6324176102040711506}
  m_Enabled: 1
  m_CastShadows: 1
  m_ReceiveShadows: 1
  m_DynamicOccludee: 1
  m_MotionVectors: 1
  m_LightProbeUsage: 1
  m_ReflectionProbeUsage: 1
  m_RayTracingMode: 0
  m_RenderingLayerMask: 1
  m_RendererPriority: 0
  m_Materials:
  - {fileID: 6719245597448002910, guid: 433cdcee9db1b0f42aa8bedabacdcdeb, type: 3}
  - {fileID: 2278952418369742238, guid: 433cdcee9db1b0f42aa8bedabacdcdeb, type: 3}
  - {fileID: 891443609849842038, guid: 433cdcee9db1b0f42aa8bedabacdcdeb, type: 3}
  - {fileID: -6083782345664591421, guid: 433cdcee9db1b0f42aa8bedabacdcdeb, type: 3}
  - {fileID: 7935485601235572721, guid: 433cdcee9db1b0f42aa8bedabacdcdeb, type: 3}
  - {fileID: 8134824909359726002, guid: 433cdcee9db1b0f42aa8bedabacdcdeb, type: 3}
  - {fileID: -3565722892583779140, guid: 433cdcee9db1b0f42aa8bedabacdcdeb, type: 3}
  m_StaticBatchInfo:
    firstSubMesh: 0
    subMeshCount: 0
  m_StaticBatchRoot: {fileID: 0}
  m_ProbeAnchor: {fileID: 0}
  m_LightProbeVolumeOverride: {fileID: 0}
  m_ScaleInLightmap: 1
  m_ReceiveGI: 1
  m_PreserveUVs: 0
  m_IgnoreNormalsForChartDetection: 0
  m_ImportantGI: 0
  m_StitchLightmapSeams: 1
  m_SelectedEditorRenderState: 3
  m_MinimumChartSize: 4
  m_AutoUVMaxDistance: 0.5
  m_AutoUVMaxAngle: 89
  m_LightmapParameters: {fileID: 0}
  m_SortingLayerID: 0
  m_SortingLayer: 0
  m_SortingOrder: 0
  serializedVersion: 2
  m_Quality: 0
  m_UpdateWhenOffscreen: 0
  m_SkinnedMotionVectors: 1
  m_Mesh: {fileID: -623943577675606951, guid: 433cdcee9db1b0f42aa8bedabacdcdeb, type: 3}
  m_Bones:
  - {fileID: 6324176102040711486}
  - {fileID: 6324176102040711430}
  - {fileID: 6324176102040711479}
  - {fileID: 6324176102040711435}
  - {fileID: 6324176102040711482}
  - {fileID: 6324176102040711457}
  - {fileID: 6324176102040711472}
  - {fileID: 6324176102040711439}
  - {fileID: 6324176102040711480}
  - {fileID: 6324176102040711438}
  - {fileID: 6324176102040711427}
  - {fileID: 6324176102040711462}
  - {fileID: 6324176102040711434}
  - {fileID: 6324176102040711429}
  - {fileID: 6324176102040711481}
  - {fileID: 6324176102040711436}
  - {fileID: 6324176102040711487}
  - {fileID: 6324176102040711431}
  - {fileID: 6324176102040711458}
  - {fileID: 6324176102040711433}
  - {fileID: 6324176102040711428}
  - {fileID: 6324176102040711461}
  - {fileID: 6324176102040711484}
  - {fileID: 6324176102040711478}
  - {fileID: 6324176102040711437}
  - {fileID: 6324176102040711426}
  - {fileID: 6324176102040711432}
  - {fileID: 6324176102040711460}
  - {fileID: 6324176102040711463}
  - {fileID: 6324176102040711456}
  - {fileID: 6324176102040711476}
  - {fileID: 6324176102040711483}
  - {fileID: 6324176102040711477}
  - {fileID: 6324176102040711474}
  - {fileID: 6324176102040711473}
  m_BlendShapeWeights: []
  m_RootBone: {fileID: 6324176102040711486}
  m_AABB:
    m_Center: {x: -0.18441683, y: -0.049825326, z: 0.0125232935}
    m_Extent: {x: 2.0189855, y: 0.24628381, z: 0.8620295}
  m_DirtyAABB: 0
--- !u!1 &6324176102040711507
GameObject:
  m_ObjectHideFlags: 0
  m_CorrespondingSourceObject: {fileID: 0}
  m_PrefabInstance: {fileID: 0}
  m_PrefabAsset: {fileID: 0}
  serializedVersion: 6
  m_Component:
  - component: {fileID: 6324176102040711435}
  m_Layer: 0
  m_Name: abdo3
  m_TagString: Untagged
  m_Icon: {fileID: 0}
  m_NavMeshLayer: 0
  m_StaticEditorFlags: 0
  m_IsActive: 1
--- !u!4 &6324176102040711435
Transform:
  m_ObjectHideFlags: 0
  m_CorrespondingSourceObject: {fileID: 0}
  m_PrefabInstance: {fileID: 0}
  m_PrefabAsset: {fileID: 0}
  m_GameObject: {fileID: 6324176102040711507}
  m_LocalRotation: {x: 0.00027528827, y: -0.0015530175, z: -0.0020087531, w: 0.9999968}
  m_LocalPosition: {x: 0.1755648, y: 0.0024383925, z: 0}
  m_LocalScale: {x: 1, y: 1, z: 1}
  m_Children:
  - {fileID: 6324176102040711482}
  m_Father: {fileID: 6324176102040711479}
  m_RootOrder: 0
  m_LocalEulerAnglesHint: {x: 7.5805135, y: -0.57449734, z: 1.0878397}
--- !u!1 &6324176102040711508
GameObject:
  m_ObjectHideFlags: 0
  m_CorrespondingSourceObject: {fileID: 0}
  m_PrefabInstance: {fileID: 0}
  m_PrefabAsset: {fileID: 0}
  serializedVersion: 6
  m_Component:
  - component: {fileID: 6324176102040711480}
  m_Layer: 0
  m_Name: r_eye
  m_TagString: Untagged
  m_Icon: {fileID: 0}
  m_NavMeshLayer: 0
  m_StaticEditorFlags: 0
  m_IsActive: 1
--- !u!4 &6324176102040711480
Transform:
  m_ObjectHideFlags: 0
  m_CorrespondingSourceObject: {fileID: 0}
  m_PrefabInstance: {fileID: 0}
  m_PrefabAsset: {fileID: 0}
  m_GameObject: {fileID: 6324176102040711508}
  m_LocalRotation: {x: -1.7347235e-18, y: 1.2468325e-18, z: -1.7347235e-18, w: 1}
  m_LocalPosition: {x: 0.30723843, y: 0.09509765, z: -0.097536}
  m_LocalScale: {x: 1, y: 1, z: 1}
  m_Children: []
  m_Father: {fileID: 6324176102040711472}
  m_RootOrder: 2
  m_LocalEulerAnglesHint: {x: -1.620853e-16, y: 1.1649881e-16, z: -1.620853e-16}
--- !u!1 &6324176102040711509
GameObject:
  m_ObjectHideFlags: 0
  m_CorrespondingSourceObject: {fileID: 0}
  m_PrefabInstance: {fileID: 0}
  m_PrefabAsset: {fileID: 0}
  serializedVersion: 6
  m_Component:
  - component: {fileID: 6324176102040711479}
  m_Layer: 0
  m_Name: abdo2
  m_TagString: Untagged
  m_Icon: {fileID: 0}
  m_NavMeshLayer: 0
  m_StaticEditorFlags: 0
  m_IsActive: 1
--- !u!4 &6324176102040711479
Transform:
  m_ObjectHideFlags: 0
  m_CorrespondingSourceObject: {fileID: 0}
  m_PrefabInstance: {fileID: 0}
  m_PrefabAsset: {fileID: 0}
  m_GameObject: {fileID: 6324176102040711509}
  m_LocalRotation: {x: 0.0001612542, y: -0.0015715573, z: -0.0011161508, w: 0.99999815}
  m_LocalPosition: {x: 0.13411199, y: 0, z: 0}
  m_LocalScale: {x: 1, y: 1, z: 1}
  m_Children:
  - {fileID: 6324176102040711435}
  m_Father: {fileID: 6324176102040711430}
  m_RootOrder: 0
  m_LocalEulerAnglesHint: {x: 7.456458, y: -1.0358812, z: 0.8244204}
--- !u!1 &6324176102040711510
GameObject:
  m_ObjectHideFlags: 0
  m_CorrespondingSourceObject: {fileID: 0}
  m_PrefabInstance: {fileID: 0}
  m_PrefabAsset: {fileID: 0}
  serializedVersion: 6
  m_Component:
  - component: {fileID: 6324176102040711486}
  m_Layer: 0
  m_Name: hip
  m_TagString: Untagged
  m_Icon: {fileID: 0}
  m_NavMeshLayer: 0
  m_StaticEditorFlags: 0
  m_IsActive: 1
--- !u!4 &6324176102040711486
Transform:
  m_ObjectHideFlags: 0
  m_CorrespondingSourceObject: {fileID: 0}
  m_PrefabInstance: {fileID: 0}
  m_PrefabAsset: {fileID: 0}
  m_GameObject: {fileID: 6324176102040711510}
  m_LocalRotation: {x: -0.0000002480761, y: 0.0000016943587, z: 0.0016776435, w: 0.9999986}
  m_LocalPosition: {x: -0.53726727, y: 0.2895653, z: -0.011481913}
  m_LocalScale: {x: 1, y: 1, z: 1}
  m_Children:
  - {fileID: 6324176102040711430}
  - {fileID: 6324176102040711483}
  - {fileID: 6324176102040711460}
  - {fileID: 6324176102040711458}
  m_Father: {fileID: 6324176102040711475}
  m_RootOrder: 1
  m_LocalEulerAnglesHint: {x: -0.06650019, y: 0.23848781, z: 14.501851}
--- !u!1 &6324176102040711511
GameObject:
  m_ObjectHideFlags: 0
  m_CorrespondingSourceObject: {fileID: 0}
  m_PrefabInstance: {fileID: 0}
  m_PrefabAsset: {fileID: 0}
  serializedVersion: 6
  m_Component:
  - component: {fileID: 6324176102040711434}
  m_Layer: 0
  m_Name: l_forearm
  m_TagString: Untagged
  m_Icon: {fileID: 0}
  m_NavMeshLayer: 0
  m_StaticEditorFlags: 0
  m_IsActive: 1
--- !u!4 &6324176102040711434
Transform:
  m_ObjectHideFlags: 0
  m_CorrespondingSourceObject: {fileID: 0}
  m_PrefabInstance: {fileID: 0}
  m_PrefabAsset: {fileID: 0}
  m_GameObject: {fileID: 6324176102040711511}
  m_LocalRotation: {x: -0.0018964794, y: 0.00016335308, z: 0.009729367, w: 0.9999509}
  m_LocalPosition: {x: -0.05364481, y: -0.0586606, z: 0.17847627}
  m_LocalScale: {x: 1, y: 1, z: 1}
  m_Children:
  - {fileID: 6324176102040711429}
  m_Father: {fileID: 6324176102040711462}
  m_RootOrder: 0
  m_LocalEulerAnglesHint: {x: -23.517805, y: -36.841557, z: 9.033721}
--- !u!1 &6324176102040711512
GameObject:
  m_ObjectHideFlags: 0
  m_CorrespondingSourceObject: {fileID: 0}
  m_PrefabInstance: {fileID: 0}
  m_PrefabAsset: {fileID: 0}
  serializedVersion: 6
  m_Component:
  - component: {fileID: 6324176102040711457}
  m_Layer: 0
  m_Name: abdo5
  m_TagString: Untagged
  m_Icon: {fileID: 0}
  m_NavMeshLayer: 0
  m_StaticEditorFlags: 0
  m_IsActive: 1
--- !u!4 &6324176102040711457
Transform:
  m_ObjectHideFlags: 0
  m_CorrespondingSourceObject: {fileID: 0}
  m_PrefabInstance: {fileID: 0}
  m_PrefabAsset: {fileID: 0}
  m_GameObject: {fileID: 6324176102040711512}
  m_LocalRotation: {x: -0.00018531876, y: -0.0015198598, z: 0.0054451562, w: 0.999984}
  m_LocalPosition: {x: 0.292608, y: 0.021945609, z: 0.0048768}
  m_LocalScale: {x: 1, y: 1, z: 1}
  m_Children:
  - {fileID: 6324176102040711472}
  m_Father: {fileID: 6324176102040711482}
  m_RootOrder: 0
  m_LocalEulerAnglesHint: {x: 12.205584, y: -0.16623616, z: 3.108365}
--- !u!1 &6324176102040711513
GameObject:
  m_ObjectHideFlags: 0
  m_CorrespondingSourceObject: {fileID: 0}
  m_PrefabInstance: {fileID: 0}
  m_PrefabAsset: {fileID: 0}
  serializedVersion: 6
  m_Component:
  - component: {fileID: 6324176102040711461}
  m_Layer: 0
  m_Name: tail4
  m_TagString: Untagged
  m_Icon: {fileID: 0}
  m_NavMeshLayer: 0
  m_StaticEditorFlags: 0
  m_IsActive: 1
--- !u!4 &6324176102040711461
Transform:
  m_ObjectHideFlags: 0
  m_CorrespondingSourceObject: {fileID: 0}
  m_PrefabInstance: {fileID: 0}
  m_PrefabAsset: {fileID: 0}
  m_GameObject: {fileID: 6324176102040711513}
  m_LocalRotation: {x: -0.00001908567, y: -0.002568345, z: 0.000003098631, w: 0.9999967}
  m_LocalPosition: {x: -0.24627845, y: -0.014630413, z: 0}
  m_LocalScale: {x: 1, y: 1, z: 1}
  m_Children:
  - {fileID: 6324176102040711484}
  m_Father: {fileID: 6324176102040711428}
  m_RootOrder: 0
  m_LocalEulerAnglesHint: {x: 0.0026762232, y: 7.6041646, z: -0.0002534126}
--- !u!1 &6324176102040711514
GameObject:
  m_ObjectHideFlags: 0
  m_CorrespondingSourceObject: {fileID: 0}
  m_PrefabInstance: {fileID: 0}
  m_PrefabAsset: {fileID: 0}
  serializedVersion: 6
  m_Component:
  - component: {fileID: 6324176102040711478}
  m_Layer: 0
  m_Name: tail6
  m_TagString: Untagged
  m_Icon: {fileID: 0}
  m_NavMeshLayer: 0
  m_StaticEditorFlags: 0
  m_IsActive: 1
--- !u!4 &6324176102040711478
Transform:
  m_ObjectHideFlags: 0
  m_CorrespondingSourceObject: {fileID: 0}
  m_PrefabInstance: {fileID: 0}
  m_PrefabAsset: {fileID: 0}
  m_GameObject: {fileID: 6324176102040711514}
  m_LocalRotation: {x: -0.000019102405, y: -0.0026938969, z: 0.0000029911726, w: 0.99999636}
  m_LocalPosition: {x: -0.24140151, y: -0.019507198, z: 0}
  m_LocalScale: {x: 1, y: 1, z: 1}
  m_Children:
  - {fileID: 6324176102040711437}
  m_Father: {fileID: 6324176102040711484}
  m_RootOrder: 0
  m_LocalEulerAnglesHint: {x: 0.002180623, y: -10.17666, z: -0.0005033628}
--- !u!1 &6324176102040711515
GameObject:
  m_ObjectHideFlags: 0
  m_CorrespondingSourceObject: {fileID: 0}
  m_PrefabInstance: {fileID: 0}
  m_PrefabAsset: {fileID: 0}
  serializedVersion: 6
  m_Component:
  - component: {fileID: 6324176102040711463}
  m_Layer: 0
  m_Name: r_thigh
  m_TagString: Untagged
  m_Icon: {fileID: 0}
  m_NavMeshLayer: 0
  m_StaticEditorFlags: 0
  m_IsActive: 1
--- !u!4 &6324176102040711463
Transform:
  m_ObjectHideFlags: 0
  m_CorrespondingSourceObject: {fileID: 0}
  m_PrefabInstance: {fileID: 0}
  m_PrefabAsset: {fileID: 0}
  m_GameObject: {fileID: 6324176102040711515}
  m_LocalRotation: {x: -0.0023550573, y: 0.0077122618, z: -0.009499715, w: 0.9999224}
  m_LocalPosition: {x: 0.004876785, y: -0.019507237, z: -0.078028776}
  m_LocalScale: {x: 1, y: 1, z: 1}
  m_Children:
  - {fileID: 6324176102040711456}
  m_Father: {fileID: 6324176102040711460}
  m_RootOrder: 0
  m_LocalEulerAnglesHint: {x: -1.2354398, y: 5.5606623, z: -7.8712606}
--- !u!1 &6324176102040711516
GameObject:
  m_ObjectHideFlags: 0
  m_CorrespondingSourceObject: {fileID: 0}
  m_PrefabInstance: {fileID: 0}
  m_PrefabAsset: {fileID: 0}
  serializedVersion: 6
  m_Component:
  - component: {fileID: 6324176102040711456}
  m_Layer: 0
  m_Name: r_shin
  m_TagString: Untagged
  m_Icon: {fileID: 0}
  m_NavMeshLayer: 0
  m_StaticEditorFlags: 0
  m_IsActive: 1
--- !u!4 &6324176102040711456
Transform:
  m_ObjectHideFlags: 0
  m_CorrespondingSourceObject: {fileID: 0}
  m_PrefabInstance: {fileID: 0}
  m_PrefabAsset: {fileID: 0}
  m_GameObject: {fileID: 6324176102040711516}
  m_LocalRotation: {x: 0.001465295, y: 0.006705253, z: 0.007742226, w: 0.9999465}
  m_LocalPosition: {x: 0.026822433, y: -0.034137573, z: -0.13898885}
  m_LocalScale: {x: 1, y: 1, z: 1}
  m_Children:
  - {fileID: 6324176102040711476}
  m_Father: {fileID: 6324176102040711463}
  m_RootOrder: 0
  m_LocalEulerAnglesHint: {x: -0.33677322, y: 24.641567, z: -5.770153}
--- !u!1 &6324176102040711517
GameObject:
  m_ObjectHideFlags: 0
  m_CorrespondingSourceObject: {fileID: 0}
  m_PrefabInstance: {fileID: 0}
  m_PrefabAsset: {fileID: 0}
  serializedVersion: 6
  m_Component:
  - component: {fileID: 6324176102040711483}
  m_Layer: 0
  m_Name: l_hip
  m_TagString: Untagged
  m_Icon: {fileID: 0}
  m_NavMeshLayer: 0
  m_StaticEditorFlags: 0
  m_IsActive: 1
--- !u!4 &6324176102040711483
Transform:
  m_ObjectHideFlags: 0
  m_CorrespondingSourceObject: {fileID: 0}
  m_PrefabInstance: {fileID: 0}
  m_PrefabAsset: {fileID: 0}
  m_GameObject: {fileID: 6324176102040711517}
  m_LocalRotation: {x: 0.0013325872, y: -2.7407854e-15, z: -0.00027357964, w: 0.9999991}
  m_LocalPosition: {x: 0.008134498, y: 0.00094854354, z: 0.19923872}
  m_LocalScale: {x: 1, y: 1, z: 1}
  m_Children:
  - {fileID: 6324176102040711477}
  m_Father: {fileID: 6324176102040711486}
  m_RootOrder: 1
  m_LocalEulerAnglesHint: {x: 1.2819922, y: -0.0035586301, z: -0.26328355}
--- !u!1 &6324176102040711518
GameObject:
  m_ObjectHideFlags: 0
  m_CorrespondingSourceObject: {fileID: 0}
  m_PrefabInstance: {fileID: 0}
  m_PrefabAsset: {fileID: 0}
  serializedVersion: 6
  m_Component:
  - component: {fileID: 6324176102040711428}
  m_Layer: 0
  m_Name: tail3
  m_TagString: Untagged
  m_Icon: {fileID: 0}
  m_NavMeshLayer: 0
  m_StaticEditorFlags: 0
  m_IsActive: 1
--- !u!4 &6324176102040711428
Transform:
  m_ObjectHideFlags: 0
  m_CorrespondingSourceObject: {fileID: 0}
  m_PrefabInstance: {fileID: 0}
  m_PrefabAsset: {fileID: 0}
  m_GameObject: {fileID: 6324176102040711518}
  m_LocalRotation: {x: -0.000019102796, y: -0.002568345, z: 0.0000029912333, w: 0.9999967}
  m_LocalPosition: {x: -0.24384002, y: -0.0024383925, z: 0.0024384004}
  m_LocalScale: {x: 1, y: 1, z: 1}
  m_Children:
  - {fileID: 6324176102040711461}
  m_Father: {fileID: 6324176102040711433}
  m_RootOrder: 0
  m_LocalEulerAnglesHint: {x: 0.0026776062, y: 7.6041646, z: -0.000238356}
--- !u!1 &6324176102040711519
GameObject:
  m_ObjectHideFlags: 0
  m_CorrespondingSourceObject: {fileID: 0}
  m_PrefabInstance: {fileID: 0}
  m_PrefabAsset: {fileID: 0}
  serializedVersion: 6
  m_Component:
  - component: {fileID: 6324176102040711429}
  m_Layer: 0
  m_Name: l_hand
  m_TagString: Untagged
  m_Icon: {fileID: 0}
  m_NavMeshLayer: 0
  m_StaticEditorFlags: 0
  m_IsActive: 1
--- !u!4 &6324176102040711429
Transform:
  m_ObjectHideFlags: 0
  m_CorrespondingSourceObject: {fileID: 0}
  m_PrefabInstance: {fileID: 0}
  m_PrefabAsset: {fileID: 0}
  m_GameObject: {fileID: 6324176102040711519}
  m_LocalRotation: {x: -0.0020089743, y: -0.0028432522, z: -0.004578987, w: 0.9999835}
  m_LocalPosition: {x: 0.1853184, y: -0.17312638, z: 0.114604756}
  m_LocalScale: {x: 1, y: 1, z: 1}
  m_Children: []
  m_Father: {fileID: 6324176102040711434}
  m_RootOrder: 0
  m_LocalEulerAnglesHint: {x: -16.00326, y: -8.350474, z: 18.441952}
